@inproceedings{sudry2022learning,
  title={Learning to estimate search progress using sequence of states},
  author={Sudry, Matan and Karpas, Erez},
  booktitle={Proceedings of the International Conference on Automated Planning and Scheduling},
  volume={32},
  pages={362--370},
  year={2022}
}

@inproceedings{thayer2012we,
  title={Are We There Yet?â€”Estimating Search Progress},
  author={Thayer, Jordan and Stern, Roni and Lelis, Levi},
  booktitle={Proceedings of the International Symposium on Combinatorial Search},
  volume={3},
  number={1},
  pages={129--136},
  year={2012}
}

@inproceedings{breyer2008recent,
  title={Recent results in analyzing the performance of heuristic search},
  author={Breyer, T and Korf, R},
  booktitle={Proceedings of the First International Workshop on Search in Artificial Intelligence and Robotics (held in conjunction with AAAI)},
  pages={24--31},
  year={2008}
}

@inproceedings{lelis2014estimating,
  title={Estimating search tree size with duplicate detection},
  author={Lelis, Levi and Stern, Roni and Sturtevant, Nathan},
  booktitle={Proceedings of the International Symposium on Combinatorial Search},
  volume={5},
  number={1},
  pages={114--122},
  year={2014}
}

@article{hutter2014algorithm,
  title={Algorithm runtime prediction: Methods \& evaluation},
  author={Hutter, Frank and Xu, Lin and Hoos, Holger H and Leyton-Brown, Kevin},
  journal={Artificial Intelligence},
  volume={206},
  pages={79--111},
  year={2014},
  publisher={Elsevier}
}

@inproceedings{kilby2006estimating,
  title={Estimating search tree size},
  author={Kilby, Philip and Slaney, John and Thi{\'e}baux, Sylvie and Walsh, Toby and others},
  booktitle={Proc. of the 21st National Conf. of Artificial Intelligence, AAAI, Menlo Park},
  year={2006}
}

@article{toyer2020asnets,
  title={Asnets: Deep learning for generalised planning},
  author={Toyer, Sam and Thi{\'e}baux, Sylvie and Trevizan, Felipe and Xie, Lexing},
  journal={Journal of Artificial Intelligence Research},
  volume={68},
  pages={1--68},
  year={2020}
}

@inproceedings{chen2024learning,
  title={Learning Domain-Independent Heuristics for Grounded and Lifted Planning},
  author={Chen, Dillon Z and Thi{\'e}baux, Sylvie and Trevizan, Felipe},
  booktitle={Proceedings of the AAAI Conference on Artificial Intelligence},
  volume={38},
  number={18},
  pages={20078--20086},
  year={2024}
}

@article{staahlberg2022learning,
  title={Learning generalized policies without supervision using gnns},
  author={St{\aa}hlberg, Simon and Bonet, Blai and Geffner, Hector},
  journal={arXiv preprint arXiv:2205.06002},
  year={2022}
}

@INPROCEEDINGS{9636442,
  author={Lei, Lanxin and Luo, Ruiming and Zheng, Renjie and Wang, Jingke and Zhang, JianWei and Qiu, Cong and Ma, Liulong and Jin, Liyang and Zhang, Ping and Chen, Junbo},
  booktitle={2021 IEEE/RSJ International Conference on Intelligent Robots and Systems (IROS)}, 
  title={KB-Tree: Learnable and Continuous Monte-Carlo Tree Search for Autonomous Driving Planning}, 
  year={2021},
  volume={},
  number={},
  pages={4493-4500},
  keywords={Monte Carlo methods;Search methods;Reinforcement learning;Feature extraction;Planning;Bayes methods;Kernel},
  doi={10.1109/IROS51168.2021.9636442}
}

@article{hart1968formal,
  title={A formal basis for the heuristic determination of minimum cost paths},
  author={Hart, Peter E and Nilsson, Nils J and Raphael, Bertram},
  journal={IEEE transactions on Systems Science and Cybernetics},
  volume={4},
  number={2},
  pages={100--107},
  year={1968},
  publisher={IEEE}
}

@inproceedings{cashmore2018temporal,
  title={Temporal planning while the clock ticks},
  author={Cashmore, Michael and Coles, Andrew and Cserna, Bence and Karpas, Erez and Magazzeni, Daniele and Ruml, Wheeler},
  booktitle={Proceedings of the International Conference on Automated Planning and Scheduling},
  volume={28},
  pages={39--46},
  year={2018}
}

@article{kipf2016semi,
  title={Semi-supervised classification with graph convolutional networks},
  author={Kipf, Thomas N and Welling, Max},
  journal={arXiv preprint arXiv:1609.02907},
  year={2016}
}

@article{velivckovic2017graph,
  title={Graph attention networks},
  author={Veli{\v{c}}kovi{\'c}, Petar and Cucurull, Guillem and Casanova, Arantxa and Romero, Adriana and Lio, Pietro and Bengio, Yoshua},
  journal={arXiv preprint arXiv:1710.10903},
  year={2017}
}

@article{scarselli2008graph,
  title={The graph neural network model},
  author={Scarselli, Franco and Gori, Marco and Tsoi, Ah Chung and Hagenbuchner, Markus and Monfardini, Gabriele},
  journal={IEEE transactions on neural networks},
  volume={20},
  pages={61--80},
  year={2008},
  publisher={IEEE}
}

@article{hoffmann2001ff,
  title={The FF planning system: Fast plan generation through heuristic search},
  author={Hoffmann, J{\"o}rg and Nebel, Bernhard},
  journal={Journal of Artificial Intelligence Research},
  volume={14},
  pages={253--302},
  year={2001}
}