@inproceedings{sudry2022learning,
  title={Learning to estimate search progress using sequence of states},
  author={Sudry, Matan and Karpas, Erez},
  booktitle={Proceedings of the International Conference on Automated Planning and Scheduling},
  volume={32},
  pages={362--370},
  year={2022}
}